@book{zill2009ecuaciones,
  author       = {Dennis G. Zill},
  title        = {Ecuaciones Diferenciales con Aplicaciones de Modelado},
  edition      = {9},
  year         = {2009},
  publisher    = {Cengage Learning},
  address      = {MÃ©xico, D.F.},
  isbn         = {978-970-830-055-1}
}
@book{boyce2010ecuaciones,
  title={Ecuaciones diferenciales y problemas con valores en la frontera},
  author={Boyce, William E. and DiPrima, Richard C.},
  edition={9},
  year={2010},
  publisher={Wiley}
}

@book{braun1992applications,
  title={Differential Equations and Their Applications},
  author={Braun, Martin},
  edition={4},
  year={1992},
  publisher={Springer}
}

@book{tenenbaum1985ordinary,
  title={Ordinary Differential Equations},
  author={Tenenbaum, Morris and Pollard, Harry},
  year={1985},
  publisher={Dover Publications}
}

@book{kreyszig2011advanced,
  title={Advanced Engineering Mathematics},
  author={Kreyszig, Erwin},
  edition={10},
  year={2011},
  publisher={Wiley}
}
